@article{cann2010white,
	author = {Cann, Roderick van and Brinkkemper, Sjaak},
	journal = {Utrecht University: the Netherlands},
	title = {White-Labeling software products},
	year = {2010}
}

@article{vargas2017processo,
	author = {De Vargas, Daiana and Moacir Ahlert, Edson},
	journal = {Universidade do Vale do Taquari: Univates},
	title = {O processo de aprendizagem e avalia{\c c}{\~a}o atrav{\'e}s de quiz},
	year = {2017}
}

@article{carneiro2014learning,
	author = {Carneiro, Mára Lúcia Fernandes and Silveira, Milene Selbach},
	journal = {Educar em Revista. Curitiba. Edit UFPR},
	title = {Learning Objects as enablers in Distance Education},
	year = {2014}
}

@article{ramos2020analise,
	author = {Ramos, Maria do Socorro Ferreira and Lavor, Otávio Paulino},
	journal = {Educar em Revista. Curitiba. Edit UFPR},
	title = {An{\'a}lise do Aplicativo Grana como Objeto de Aprendizagem},
	year = {2020}
}

@article{bastos2020quiz,
	author = {Bastos, Luciane Conceição Silva and Oliveira, Lainne da Silva},
	journal = {Universidade Católica do Salvador},
	title = {QUIZ COMO FERRAMENTA MOTIVACIONAL E AVALIATIVA NO ENSINO-APRENDIZAGEM DE QUíMICA},
	year = {2020}
}

@article{pereira2018grana,
	author = {Pereira, Maria Luciana Almeida and Cavalcante, Carlos Henrique Leitão},
	journal = {IFCE, campus Canindé},
	title = {GRANA},
	year = {2018}
}

@article{azevedo2019analise,
	author = {AZEVEDO, MARIA MÔNICA PINTO},
	journal = {IFCE, campus Canindé},
	title = {AN{\'a}LISE DE QUESTIONáRIOS DE VALIDA{\c c}{\~a}O DO JOGO “GRANA”: UMA FERRAMENTA TECNOL{\'o}GICA DE AUXILIO NO ENSINO DE GEST{\~a}O FINANCEIRA COM CONTEXTO RURAL.},
	year = {2019}
}
